@article{glaser2012inclusive,
  title={Inclusive education for Deaf students: literacy practices and South African Sign Language},
  author={Glaser, Meryl and Van Pletzen, Ermien},
  journal={Southern African Linguistics and Applied Language Studies},
  volume={30},
  number={1},
  pages={25--37},
  year={2012},
  publisher={Taylor \& Francis}
}

@online{sollenberger,
    author    = "Kyle Sollenberger",
    title     = "10 User Interface Design Fundamentals",
    url       = "http://blog.teamtreehouse.com/10-user-interface-design-fundamentals",
    keywords  = "User Interface,Design Fundamentals"
}

@inproceedings{coetzee2007national,
  title={The national accessibility portal: an accessible information sharing portal for the South African disability sector},
  author={Coetzee, Louis and Govender, N and Viviers, Ilse},
  booktitle={Proceedings of the 2007 international cross-disciplinary conference on Web accessibility (W4A)},
  pages={44--53},
  year={2007},
  organization={ACM}
}

@article{lewis1993task,
  title={Task-centered user interface design},
  author={Lewis, Clayton and Rieman, John},
  journal={A Practical Introductio},
  year={1993}
}

@book{nielsen1994usability,
  title={Usability engineering},
  author={Nielsen, Jakob},
  year={1994},
  publisher={Elsevier}
}

@inproceedings{iacono2009research,
  title={Research methodsâ€”A case example of participant observation},
  author={Iacono, JBA and Holtham, C},
  booktitle={8th European Conference on Research Methodology for Business and Management Studies: University of Malta, Valletta, Malta, 22-23 June 2009:[proceedings]},
  pages={178},
  year={2009},
  organization={Academic Conferences Limited}
}

@book{courage2005understanding,
  title={Understanding your users: a practical guide to user requirements: methods, tools, and techniques},
  author={Courage, Catherine and Baxter, Kathy},
  year={2005},
  publisher={Gulf Professional Publishing}
}

@book{arnowitz2010effective,
  title={Effective prototyping for software makers},
  author={Arnowitz, Jonathan and Arent, Michael and Berger, Nevin},
  year={2010},
  publisher={Elsevier}
}

@article{rettig1994prototyping,
  title={Prototyping for tiny fingers},
  author={Rettig, Marc},
  journal={Communications of the ACM},
  volume={37},
  number={4},
  pages={21--27},
  year={1994},
  publisher={ACM}
}

@article{bellard2012ffmpeg,
  title={FFmpeg},
  author={Bellard, Fabrice and Niedermayer, M and others},
  journal={Availabel from: http://ffmpeg. org},
  year={2012}
}

@inproceedings{sefelin2003paper,
  title={Paper prototyping-what is it good for?: a comparison of paper-and computer-based low-fidelity prototyping},
  author={Sefelin, Reinhard and Tscheligi, Manfred and Giller, Verena},
  booktitle={CHI'03 extended abstracts on Human factors in computing systems},
  pages={778--779},
  year={2003},
  organization={ACM}
}

@inproceedings{mcgrenere2000affordances,
  title={Affordances: Clarifying and evolving a concept},
  author={McGrenere, Joanna and Ho, Wayne},
  booktitle={Graphics Interface},
  volume={2000},
  pages={179--186},
  year={2000}
}

@inproceedings{isaksen2006verification,
  title={Verification through the principle of least astonishment},
  author={Isaksen, Beth and Bertacco, Valeria},
  booktitle={Proceedings of the 2006 IEEE/ACM international conference on Computer-aided design},
  pages={860--867},
  year={2006},
  organization={ACM}
}

@article{volker2004thoughts,
  title={Thoughts on requirements and design issues of user interfaces for proof assistants},
  author={V{\"o}lker, Norbert},
  journal={Electronic Notes in Theoretical Computer Science},
  volume={103},
  pages={139--159},
  year={2004},
  publisher={Elsevier}
}

@inproceedings{andrews2008evaluation,
  title={Evaluation comes in many guises},
  author={Andrews, Keith},
  booktitle={AVI Workshop on BEyond time and errors (BELIV) Position Paper},
  pages={7--8},
  year={2008}
}

@article{boltonuser,
  title={User Acceptance Testing},
  author={Bolton, Michael},
  publisher={Citeseer}
}

@article{fajardo2006improving,
  title={Improving deaf users' accessibility in hypertext information retrieval: are graphical interfaces useful for them?},
  author={Fajardo, Inmaculada and Ca{\~n}as, Jos{\'e} J and Salmer{\'o}n, Ladislao and Abascal, Julio},
  journal={Behaviour \& Information Technology},
  volume={25},
  number={6},
  pages={455--467},
  year={2006},
  publisher={Taylor \& Francis}
}

@article{studios2011balsamiq,
  title={Balsamiq mockups},
  author={Studios, Balsamiq},
  journal={retrieved on Sept},
  volume={5},
  year={2011}
}